@misc{RAID,
	author={L. Dugan, A. Hwang, F. Trhlik, J. M. Ludan, A. Zhu, H. Xu, D. Ippolito, C. Callison-Burch},
	title={RAID: A Shared Benchmark for Robust Evaluation of Machine-Generated Text Detectors.},
	year={2024},
}

@misc{Polygraph,
	author={E. Fadeeva, R. Vashurin, A. Tsvigun, A. Vazhentsev, S. Petrakov},
	title={LM-Polygraph: Uncertainty Estimation for Language Models},
	year={2023},
}

@misc{Image_uncertainty,
	author={J. Nie, Y. Zhang, T. Liu, Y. Cheung, Bo Han, X. Tian},
	title={Detecting Discrepancies Between AI-generated and Natural Images Using Uncertainty},
	year={2024},
}